<?xml version="1.0" encoding="UTF-8"?><record xmlns="http://www.loc.gov/MARC21/slim" xmlns:cinclude="http://apache.org/cocoon/include/1.0" xmlns:zs="http://www.loc.gov/zing/srw/">
  <leader>00399cz  a2200121n  4500</leader>
  <controlfield tag="001">n  77001397 </controlfield>
  <controlfield tag="003">DLC</controlfield>
  <controlfield tag="005">19860613134631.4</controlfield>
  <controlfield tag="008">770511n| acannaab|          |n aaa |||  </controlfield>
  <datafield tag="010" ind1=" " ind2=" ">
    <subfield code="a">n  77001397 </subfield>
  </datafield>
  <datafield tag="040" ind1=" " ind2=" ">
    <subfield code="a">DLC</subfield>
    <subfield code="c">DLC</subfield>
    <subfield code="d">DLC</subfield>
  </datafield>
  <datafield tag="100" ind1="1" ind2="0">
    <subfield code="a">Schultz, JuĚrgen,</subfield>
    <subfield code="d">1934-</subfield>
  </datafield>
  <datafield tag="670" ind1=" " ind2=" ">
    <subfield code="a">His Land use in Zambia, c1976:</subfield>
    <subfield code="b">t.p. (JuĚrgen Schultz) p. 3 of cover (Ph. D. (Geogr.) Hamburg Univ.; prof. in Trier Univ., b. 1934)</subfield>
  </datafield>
</record>